@inproceedings{Andre:2002:SAP:777092.777114,
 author = {Andre, David and Russell, Stuart J.},
 title = {State Abstraction for Programmable Reinforcement Learning Agents},
 booktitle = {Eighteenth National Conference on Artificial Intelligence},
 year = {2002},
 isbn = {0-262-51129-0},
 location = {Edmonton, Alberta, Canada},
 pages = {119--125},
 numpages = {7},
 url = {http://dl.acm.org/citation.cfm?id=777092.777114},
 acmid = {777114},
 publisher = {American Association for Artificial Intelligence},
 address = {Menlo Park, CA, USA},
}