@phdthesis{Marthi:2006:CHR:1293150,
 author = {Marthi, Bhaskara Mannar},
 advisor = {Russell, Stuart},
 title = {Concurrent Hierarchical Reinforcement Learning},
 year = {2006},
 note = {AAI3253978},
 publisher = {University of California at Berkeley},
 address = {Berkeley, CA, USA},
}