@inproceedings{Kulkarni:2016:HDR:3157382.3157509,
 author = {Kulkarni, Tejas D. and Narasimhan, Karthik R. and Saeedi, Ardavan and Tenenbaum, Joshua B.},
 title = {Hierarchical Deep Reinforcement Learning: Integrating Temporal Abstraction and Intrinsic Motivation},
 booktitle = {Proceedings of the 30th International Conference on Neural Information Processing Systems},
 series = {NIPS'16},
 year = {2016},
 isbn = {978-1-5108-3881-9},
 location = {Barcelona, Spain},
 pages = {3682--3690},
 numpages = {9},
 url = {http://dl.acm.org/citation.cfm?id=3157382.3157509},
 acmid = {3157509},
 publisher = {Curran Associates Inc.},
 address = {USA},
}