@inproceedings{Makar:2001:HMR:375735.376302,
 author = {Makar, Rajbala and Mahadevan, Sridhar and Ghavamzadeh, Mohammad},
 title = {Hierarchical Multi-agent Reinforcement Learning},
 booktitle = {Proceedings of the Fifth International Conference on Autonomous Agents},
 series = {AGENTS '01},
 year = {2001},
 isbn = {1-58113-326-X},
 location = {Montreal, Quebec, Canada},
 pages = {246--253},
 numpages = {8},
 url = {http://doi.acm.org/10.1145/375735.376302},
 doi = {10.1145/375735.376302},
 acmid = {376302},
 publisher = {ACM},
 address = {New York, NY, USA},
}