@book{Bertsekas:1996:NP:560669,
 author = {Bertsekas, Dimitri P. and Tsitsiklis, John N.},
 title = {Neuro-Dynamic Programming},
 year = {1996},
 isbn = {1886529108},
 edition = {1st},
 publisher = {Athena Scientific},
}