@book{Puterman:1994:MDP:528623,
 author = {Puterman, Martin L.},
 title = {Markov Decision Processes: Discrete Stochastic Dynamic Programming},
 year = {1994},
 isbn = {0471619779},
 edition = {1st},
 publisher = {John Wiley \&amp; Sons, Inc.},
 address = {New York, NY, USA},
}