@inproceedings{Russell:2003:QRL:3041838.3041921,
 author = {Russell, Stuart and Zimdars, Andrew L.},
 title = {Q-decomposition for Reinforcement Learning Agents},
 booktitle = {Proceedings of the Twentieth International Conference on International Conference on Machine Learning},
 series = {ICML'03},
 year = {2003},
 isbn = {1-57735-189-4},
 location = {Washington, DC, USA},
 pages = {656--663},
 numpages = {8},
 url = {http://dl.acm.org/citation.cfm?id=3041838.3041921},
 acmid = {3041921},
 publisher = {AAAI Press},
}